@book{knuth1984tex,
  title={The TeXbook},
  author={Knuth, Donald E.},
  year={1984},
  publisher={Addison-Wesley}
}

@article{dijkstra1968,
  title={Go To statement considered harmful},
  author={Dijkstra, Edsger W.},
  journal={Communications of the ACM},
  volume={11},
  number={3},
  pages={217--218},
  year={1968}
}